<record><leader>00000cas a2200000 a 4500</leader><controlfield tag="001">12483725</controlfield><controlfield tag="008">850903d18881894ksudr ne      0    0eng d</controlfield><datafield ind1=" " ind2=" " tag="010"><subfield code="a">sn 85030811 </subfield></datafield><datafield ind1=" " ind2=" " tag="040"><subfield code="a">KSH</subfield><subfield code="b">eng</subfield><subfield code="c">KSH</subfield><subfield code="d">NPT</subfield><subfield code="d">OCL</subfield><subfield code="d">OCLCQ</subfield></datafield><datafield ind1=" " ind2=" " tag="042"><subfield code="a">msc</subfield></datafield><datafield ind1="0" ind2="0" tag="245"><subfield code="a">Salina daily republican.</subfield></datafield><datafield ind1=" " ind2=" " tag="260"><subfield code="a">Salina, Kan. :</subfield><subfield code="b">J.L. Brady,</subfield><subfield code="c">1888-</subfield></datafield><datafield ind1=" " ind2=" " tag="300"><subfield code="a">v. :</subfield><subfield code="b">ill. (chiefly advertisements) ;</subfield><subfield code="c">61 cm.</subfield></datafield><datafield ind1=" " ind2=" " tag="310"><subfield code="a">Daily (except Monday)</subfield></datafield><datafield ind1="0" ind2=" " tag="362"><subfield code="a">Vol. 1, no. 1 (Dec. 18, 1888)-</subfield></datafield><datafield ind1="1" ind2=" " tag="362"><subfield code="a">Ceased with Aug. 11, 1894 issue?</subfield></datafield><datafield ind1=" " ind2=" " tag="500"><subfield code="a">Published by: J.L. Bristow, Sept. 23, 1890-June 30, 1894; M.D. Sampson, July 2-Aug. 11, 1894.</subfield></datafield><datafield ind1=" " ind2=" " tag="580"><subfield code="a">Issued also in weekly editions called: Salina republican, Dec. 18, 1888-Mar. 10, 1893; Republican-journal (Salina, Kan.) Mar. 17, 1893-July 27, 1894.</subfield></datafield><datafield ind1=" " ind2=" " tag="752"><subfield code="a">United States</subfield><subfield code="b">Kansas</subfield><subfield code="c">Saline</subfield><subfield code="d">Salina.</subfield></datafield><datafield ind1="1" ind2=" " tag="775"><subfield code="t">Salina republican</subfield><subfield code="w">(DLC)sn 85030810</subfield></datafield><datafield ind1="1" ind2=" " tag="775"><subfield code="t">Republican-journal (Salina, Kan.)</subfield><subfield code="w">(DLC)sn 85032684</subfield></datafield><datafield ind1="0" ind2="0" tag="785"><subfield code="t">Salina daily republican-journal</subfield><subfield code="w">(DLC)sn 85030812</subfield></datafield><datafield ind1="1" ind2=" " tag="029"><subfield code="a">AU@</subfield><subfield code="b">000022173023</subfield></datafield></record>